<?xml version="1.0" encoding="UTF-8"?><collection xmlns="http://www.loc.gov/MARC21/slim"><record><leader>00614nam--2200205-u-4500</leader><controlfield tag="001">000050728</controlfield><controlfield tag="002">20161230</controlfield><controlfield tag="005">20161230201048</controlfield><controlfield tag="008">080326s1000------------r-----000-0-eng-d</controlfield><datafield ind1=" " ind2=" " tag="020"><subfield code="a">0521821126</subfield></datafield><datafield ind1=" " ind2=" " tag="040"><subfield code="a">IFIN-HH</subfield></datafield><datafield ind1=" " ind2=" " tag="080"><subfield code="a">538.994:538.91:001.2</subfield></datafield><datafield ind1="1" ind2=" " tag="100"><subfield code="a">Giuliani, Gabriele F</subfield></datafield><datafield ind1="1" ind2="0" tag="245"><subfield code="a">Quantum Theory of the Electron Liquid</subfield><subfield code="c">Gabrielle F. Giuliani; Giovanni Vignale</subfield></datafield><datafield ind1=" " ind2=" " tag="260"><subfield code="a">Cambridge</subfield><subfield code="b">Cambridge University Press</subfield><subfield code="c">2005</subfield></datafield><datafield ind1=" " ind2=" " tag="300"><subfield code="a">777 p</subfield></datafield><datafield ind1=" " ind2=" " tag="504"><subfield code="a">Includes Bibliographical References and Index</subfield></datafield><datafield ind1="1" ind2=" " tag="700"><subfield code="a">Vignale, Giovanni</subfield></datafield><datafield ind1=" " ind2=" " tag="852"><subfield code="a">81966</subfield><subfield code="c">538.9</subfield></datafield><datafield ind1=" " ind2=" " tag="CAT"><subfield code="a">Sys</subfield><subfield code="c">20110104</subfield><subfield code="h">140943</subfield></datafield></record></collection>